
@article{dar1,
author = {Ouahabi, Sara and Safâa, El Ouahabi and Dadi, El Wardani},
year = {2023},
month = {10},
pages = {},
title = {Contribution to the Moroccan Darija sentiment analysis in social networks},
volume = {13},
journal = {Social Network Analysis and Mining},
doi = {10.1007/s13278-023-01129-1}
}
@article{dar2,
  author    = {Motassim Hamza , },
  year = {2023},
  title     = {Sentiment Analysis for Darija},
  journal = {Sentiment Analysis for Darija},
  url       = {https://github.com/hamzaae/DCSA/blob/main/Academic/paper.pdf},
}
@article{dar3,
author = {Mouaad, Errami and Ouassil, Mohamed Amine and Rachidi, Rabia and Cherradi, Bouchaib and Hamida, Soufiane and Raihani, Abdelhadi},
year = {2023},
month = {04},
pages = {315-325},
title = {Sentiment Analysis on Moroccan Dialect based on ML and Social Media Content Detection},
volume = {14},
journal = {International Journal of Advanced Computer Science and Applications},
doi = {10.14569/IJACSA.2023.0140347}
}

@article{dar4,
author = {Mouaad, Errami and Ouassil, Mohamed Amine and Rachidi, Rabia and Cherradi, Bouchaib and Hamida, Soufiane and Raihani, Abdelhadi},
year = {2023},
month = {04},
pages = {315-325},
title = {Sentiment Analysis on Moroccan Dialect based on ML and Social Media Content Detection},
volume = {14},
journal = {International Journal of Advanced Computer Science and Applications},
doi = {10.14569/IJACSA.2023.0140347}
}
@article{data1,
author = {Garouani, Moncef and Kharroubi, Jamal},
journal = {Innovations in Smart Cities Applications Volume 5},
year = {2022},
title = {MAC: An Open and Free Moroccan Arabic Corpus for Sentiment Analysis},
url       = {https://github.com/LeMGarouani/MAC/blob/main},
}
@article{data2,
author = {Essefar, Ait Baha, El Mahdaouy},
journal = {Language Resources & Evaluation (2023)},
year = {2023},
title = {OMCD: Offensive Moroccan Comments Dataset},
url       = {https://github.com/kabilessefar/OMCD-Offensive-Moroccan-Comments-Dataset/tree/main},
}

@article{data3,
author = {Ibrahimi, Anass, Mourhir },
journal = {Moroccan Darija Offensive Language Detection Dataset},
year = {2023},
title = {Moroccan Darija Offensive Language Detection Dataset},
url       = {https://data.mendeley.com/datasets/2y4m97b7dc/1},
}

@article{data4,
  title={ElecMorocco2016},
  author={Elouardighi, Abdeljalil and Maghfour, Mohcine and Hammia, Hafdalla},
  journal={International conference on model and data engineering},
  pages={262--274},
  year={2017},
url       = {https://github.com/sentiprojects/ElecMorocco2016/blob/master/README.md},
}

@article{data5,
  title={Data about Covid 19},
  author={fatima bendaouch},
  journal={Data about Covid 19},
  year={2022},
url       = {https://github.com/fati-bendaouch/Sentiment-Analysis-for-Moroccan-Dialect/blob/main/README.md},
}

@article{stop1,
  title={Arabic Stop Words},
  author={Alrefaie, Mohamed Taher},
  journal={Arabic Stop Words},
  year={2022},
url       = {https://github.com/mohataher/arabic-stop-words/blob/master/README.md},
}
@article{stop2,
  title={Arabic Stop Words 2},
  author={Mehdi CHEBBAH},
  journal={Arabic Stop Words 2},
  year={2021},
url       = {https://github.com/MehdiCHEBBAH/Analyse-des-sentiments-pour-les-commentaires-arabes/blob/master/ar_stopwords.txt},
}

@article{stop3,
 title={Sentiment Analysis Dataset in Moroccan Dialect: Bridging the Gap Between Arabic and Latin Scripted dialect}, 
journal={Sentiment Analysis Dataset in Moroccan Dialect: Bridging the Gap Between Arabic and Latin Scripted dialect}, 
author={},
year={2023},
eprint={2303.15987}, 
archivePrefix={arXiv},
primaryClass={cs.CL} ,
url       = {https://github.com/MouadJb/MYC/blob/main/README.md}
}
@article{stop4,
author="Garouani, Moncef
and Chrita, Hanae
and Kharroubi, Jamal",
editor="Motahhir, Saad
and Bossoufi, Badre",
title="stopwords",
journal="Digital Technologies and Applications",
year="2021",
publisher="Springer International Publishing",
address="Cham",
pages="597--608",
doi="10.1007/978-3-030-73882-2_54"
}
@article{stop5,
      title={Moroccan Dialect -Darija- Open Dataset},
      journal={Moroccan Dialect -Darija- Open Dataset},
      author={Aissam Outchakoucht and Hamza Es-Samaali},
      year={2021},
      eprint={2103.09687},
      archivePrefix={arXiv},
      primaryClass={cs.CL},
    url={https://github.com/darija-open-dataset/dataset}

}

@article{suf1,
      title={Moroccan Dialect suffixes and prefixes},
      journal={Moroccan Dialect suffixes and prefixes},

      author={},
      year={2024},
    url={https://tajinequiparle.com/en/moroccan-arabic-grammar}

}
@article{darijabert,
  title={Darijabert: a Step Forward in Nlp for the Written Moroccan Dialect},
  author={Gaanoun, Kamel and Naira, Abdou Mohamed and Allak, Anass and Benelallam, Imade},
  year={2023},
journal={Darijabert: a Step Forward in Nlp for the Written Moroccan Dialect}
}

@article{emb,
  title={Intro — Getting Started with Text Embeddings: Using BERT},
  author={David Liang},
  year={2024},
journal={Intro — Getting Started with Text Embeddings: Using BERT}
,url={https://medium.com/@davidlfliang/intro-getting-started-with-text-embeddings-using-bert-9f8c3b98dee6}
}


@article{morrbert,
title={Pre-training Two BERT-Like Models for Moroccan Dialect: MorRoBERTa and MorrBERT},
volume={29},
url={https://mendel-journal.org/index.php/mendel/article/view/223}, DOI={10.13164/mendel.2023.1.055}, number={1}, journal={MENDEL}, author={Moussaoui, Otman and El Younnoussi, Yacine}, year={2023}, month={Jun.}, pages={55-61} }


@article{weblink,
    author ={EL HADRATI Othman } ,
    title = {Darija Sentiment Analysis },
    journal ={Darija Sentiment Analysis} ,
    year = {2024} ,
url={https://blabla-bdarija.vercel.app}
}
